@book
{
	opengl_superbible,
	author = {Richard S. Wright Jr., Benjamin Lipchak, Nicholas Haemel},
	title = {OpenGL SuperBible: Comprehensive Tutorial and Reference},
	isbn = {9780672337475},
	year = {2015},
	publisher = {Addison-Wesley Professional}
}

@misc
{
	openxr_tutorial,
	title = "{OpenXR Tutorial}",
	author = "{The Khronos Group}",
	howpublished = "{\url{https://openxr-tutorial.com/}}"
}

@misc
{
	openxr_reference,
	title = "{The OpenXR Specification}",
	author = "{The Khronos Group}",
	howpublished = "{\url{https://registry.khronos.org/OpenXR/specs/1.0/html/xrspec.html}}"
}

@misc
{
	openxr_manual,
	title = "{OpenXR Specification Manual}",
	author = "{The Khronos Group}",
	howpublished = "{\url{https://registry.khronos.org/OpenXR/specs/1.0/man/html/}}"
}
